@article{samragh2024scaling,
  title={Scaling Smart: Accelerating Large Language Model Pre-training with Small Model Initialization},
  author={Samragh, Mohammad and Mirzadeh, Iman and Vahid, Keivan Alizadeh and Faghri, Fartash and Cho, Minsik and Nabi, Moin and Naik, Devang and Farajtabar, Mehrdad},
  journal={arXiv preprint arXiv:2409.12903},
  year={2024}
}

@article{wang2023lemon,
  title={LEMON: Lossless model expansion},
  author={Wang, Yite and Su, Jiahao and Lu, Hanlin and Xie, Cong and Liu, Tianyi and Yuan, Jianbo and Lin, Haibin and Sun, Ruoyu and Yang, Hongxia},
  journal={arXiv preprint arXiv:2310.07999},
  year={2023}
}